@misc{OpenMC,
      author = {Massachusetts Institute of Technology},
      title = {Tallies},
      howpublished = {\url{https://openmc.readthedocs.io/en/stable/methods/tallies.html}},
      year = {2018}
      
}
